% Encoding: UTF-8

@InProceedings{wang2013action,
  author    = {Wang, Heng and Schmid, Cordelia},
  title     = {Action recognition with improved trajectories},
  booktitle = {Proceedings of the IEEE International Conference on Computer Vision},
  year      = {2013},
  pages     = {3551--3558},
}

@Article{wang2013dense,
  author    = {Wang, Heng and Kl{\"a}ser, Alexander and Schmid, Cordelia and Liu, Cheng-Lin},
  title     = {Dense trajectories and motion boundary descriptors for action recognition},
  journal   = {International Journal of Computer Vision},
  year      = {2013},
  volume    = {103},
  pages     = {60--79},
  publisher = {Springer},
}

@Article{bay2008,
  author    = {Bay, Herbert and Ess, Andreas and Tuytelaars, Tinne and Van Gool, Luc},
  title     = {Speeded-up robust features (SURF)},
  journal   = {Computer Vision and Image Understanding},
  year      = {2008},
  volume    = {110},
  pages     = {346--359},
  publisher = {Elsevier},
}
{fischler1981random,
  title={Random sample consensus: a paradigm for model fitting with applications to image analysis and automated cartography},
  author={Fischler, Martin A and Bolles, Robert C},
  journal={Communications of the ACM},
  volume={24},
  number={6},
  pages={381--395},
year={2002}
  publisher={ACM}
}

@InProceedings{farneback2003two,
  author    = {Farneb{\"a}ck, Gunnar},
  title     = {Two-frame motion estimation based on polynomial expansion},
  booktitle = {Scandinavian Conference on Image Analysis},
  year      = {2003},
  pages     = {363--370},
}

@InProceedings{dalal2006human,
  author    = {Dalal, Navneet and Triggs, Bill and Schmid, Cordelia},
  title     = {Human detection using oriented histograms of flow and appearance},
  booktitle = {European Conference on Computer Vision},
  year      = {2006},
  pages     = {428--441},
}


@article{liu2017pku,
  title={PKU-MMD: A large scale benchmark for continuous multi-modal human action understanding},
  author={Liu, Chunhui and Hu, Yueyu and Li, Yanghao and Song, Sijie and Liu, Jiaying},
  journal={arXiv preprint arXiv:1703.07475},
  year={2017}
}

@InProceedings{DBLP:journals/corr/RedmonF16,
  author    = {Redmon, Joseph and Farhadi, Ali},
  title     = {YOLO9000: better, faster, stronger},
  booktitle = {Proceedings of the IEEE Conference on Computer Vision and Pattern Recognition},
  year      = {2017},
  pages     = {7263--7271},
}

@InProceedings{6751384,
  author    = {Long, Mingsheng and Wang, Jianmin and Ding, Guiguang and Sun, Jiaguang and Yu, Philip S.},
  title     = {Transfer feature learning with joint distribution adaptation},
  booktitle = {Proceedings of the IEEE International Conference on Computer Vision},
  year      = {2013},
  pages     = {2200--2207},
}

@InProceedings{sun,
  author    = {Sun, Qian and Chattopadhyay, Rita and Panchanathan, Sethuraman and Ye, Jieping},
  title     = {A two-stage weighting framework for multi-source domain adaptation},
  booktitle = {Advances in Neural Information Processing Systems},
  year      = {2011},
  pages     = {505--513},
}

@InProceedings{gretton2007kernel,
  author    = {Gretton, Arthur and Borgwardt, Karsten M. and Rasch, Malte and Sch{\"o}lkopf, Bernhard and Smola, Alex J.},
  title     = {A kernel method for the two-sample-problem},
  booktitle = {Advances in Neural Information Processing Systems},
  year      = {2007},
  pages     = {513--520},
}

@Article{pan2011domain,
  author    = {Pan, Sinno Jialin, Tsang Ivor W. and Kwok, James T. and Yang, Qiang},
  title     = {Domain adaptation via transfer component analysis},
  journal   = {IEEE Transactions on Neural Networks},
  year      = {2011},
  volume    = {22},
  pages     = {199--210},
  publisher = {IEEE},
}

@InProceedings{1467373,
  author        = {Yilmaz, Alper and Shah, Mubarak},
  title         = {Actions sketch: A novel action representation},
  booktitle     = {IEEE Computer Society Conference on Computer Vision and Pattern Recognition},
  year          = {2005},
  __markedentry = {[Deepak Kumar:3]},
}

@InProceedings{1544882,
  author    = {Blank, Moshe and Gorelick, Lena and Shechtman, Eli and Irani, Michal and Basri, Ronen},
  title     = {Actions as space-time shapes},
  booktitle = {IEEE 10th International Conference on Computer Vision Volume 1},
  year      = {2005},
  volume    = {2},
  pages     = {1395--1402},
}

@InProceedings{1211340,
  author    = {Cheung, K. M. G. and Baker, Simon and Kanade, Takeo},
  title     = {Shape-from-silhouette of articulated objects and its use for human body kinematics estimation and motion capture},
  booktitle = {IEEE Computer Society Conference on Computer Vision and Pattern Recognition},
  year      = {2003},
  volume    = {1},
  pages     = {I--I},
}

@InProceedings{5459184,
  author    = {Lin, Zhe and Jiang, Zhuolin and Davis, Larry S.},
  title     = {Recognizing actions by shape-motion prototype trees},
  booktitle = {IEEE 12th International Conference on Computer Vision},
  year      = {2009},
  pages     = {444--451},
}

@InProceedings{4270156,
  author    = {Lv, Fengjun and Nevatia, Ramakant},
  title     = {Single view human action recognition using key pose matching and viterbi path searching},
  booktitle = {IEEE Conference on Computer Vision and Pattern Recognition},
  year      = {2007},
  pages     = {1--8},
}

@InProceedings{4587527,
  author    = {Liu, Jingen and Ali, Saad and Shah, Mubarak},
  title     = {Recognizing human actions using multiple features},
  booktitle = {IEEE Conference on Computer Vision and Pattern Recognition},
  year      = {2008},
  pages     = {1--8},
}

@InProceedings{1315182,
  author    = {Mori, Greg and Ren, Xiaofeng and Efros, Alexei A. and Malik, Jitendra},
  title     = {Recovering human body configurations: Combining segmentation and recognition},
  booktitle = {Proceedings of the IEEE Computer Society Conference on Computer Vision and Pattern Recognition},
  year      = {2004},
  volume    = {2},
  pages     = {II--II},
}

@InProceedings{1238378,
  author        = {Laptev and Lindeberg},
  title         = {Space-time interest points},
  booktitle     = {Proceedings of the 9th IEEE International Conference on Computer Vision},
  year          = {2003},
  pages         = {432--439},
  __markedentry = {[Deepak Kumar:]},
  doi           = {10.1109/ICCV.2003.1238378},
  keywords      = {image motion analysis;image representation;spatiotemporal phenomena;computer vision;feature extraction;image pattern representation;spatial interest point;spatio-temporal domain;video data representation;spatio-temporal event detection;scale-invariant spatio-temporal descriptor;human motion analysis;Event detection;Computer vision;Image motion analysis;Motion analysis;Layout;Indexing;Optical computing;Spatiotemporal phenomena;Acceleration;Videoconference},
}

@InProceedings{Efros:2003:RAD:946247.946720,
  author    = {Efros, Alexei A. and Berg, Alexander C. and Mori, Greg and Malik, Jitendra},
  title     = {Recognizing action at a distance},
  booktitle = {Proceedings of the 9th IEEE International Conference on Computer Vision},
  year      = {2003},
  pages     = {726--733},
}

@InProceedings{10.1007/978-3-540-88688-4_22,
  author    = {Junejo, Imran N. and Dexter, Emilie and Laptev, Ivan and P{\'e}rez, Patrick},
  title     = {Cross-view action recognition from temporal self-similarities},
  booktitle = {European Conference on Computer Vision},
  year      = {2008},
  pages     = {293--306},
  publisher = {Springer Berlin Heidelberg},
}

@Article{6939719,
  author    = {Yan, Yan and Ricci, Elisa and Subramanian, Ramanathan and Liu, Gaowen and Sebe, Nicu},
  title     = {Multitask linear discriminant analysis for view invariant action recognition},
  journal   = {IEEE Transactions on Image Processing},
  year      = {2014},
  volume    = {23},
  pages     = {5599--5611},
  publisher = {IEEE},
}

@InProceedings{zheng2012cross,
  author        = {Zheng, Jingjing and Jiang, Zhuolin and Phillips, P. Jonathon and Chellappa, Rama},
  title         = {Cross-View Action Recognition via a Transferable Dictionary Pair.},
  booktitle     = {British Machine Vision Conference},
  year          = {2012},
  __markedentry = {[Deepak Kumar:3]},
}

@Article{7045574,
  author    = {Yang, Wanqi and Gao, Yang and Shi, Yinghuan and Cao, Longbing},
  title     = {MRM-lasso: A sparse multiview feature selection method via low-rank analysis},
  journal   = {IEEE Transactions on Neural Networks and Learning Systems},
  year      = {2015},
  volume    = {26},
  pages     = {2801--2815},
  publisher = {IEEE},
}

@Article{7907301,
  author    = {Kong, Yu and Ding, Zhengming and Li, Jun and Fu, Yun},
  title     = {Deeply learned view-invariant features for cross-view action recognition},
  journal   = {IEEE Transactions on Image Processing},
  year      = {2017},
  volume    = {26},
  pages     = {3028--3037},
  publisher = {IEEE},
}

@InProceedings{6958807,
  author    = {Lin, Hong and Chaisorn, Lekha and Wong, Yongkang and Liu, An-An and Su, Yu-Ting and Kankanhalli, Mohan S.},
  title     = {View-invariant feature discovering for multi-camera human action recognition},
  booktitle = {IEEE 16th International Workshop on Multimedia Signal Processing},
  year      = {2014},
  pages     = {1--6},
}

@Article{8082519,
  author    = {Foroughi, Homa and Ray, Nilanjan and Zhang, Hong},
  title     = {Object classification with joint projection and low-rank dictionary learning},
  journal   = {IEEE Transactions on Image Processing},
  year      = {2018},
  volume    = {27},
  pages     = {806--821},
  publisher = {IEEE},
}

@Article{4483511,
  author    = {Wright, John and Yang, Allen Y. and Ganesh, Arvind and Sastry, S. Shankar and Ma, Yi},
  title     = {Robust face recognition via sparse representation},
  journal   = {IEEE Transactions on Pattern Analysis and Machine Intelligence},
  year      = {2009},
  volume    = {31},
  number    = {2},
  pages     = {210--227},
  publisher = {IEEE},
}

@Article{7987024,
  author    = {Vu, Tiep Huu and Monga, Vishal},
  title     = {Fast low-rank shared dictionary learning for image classification},
  journal   = {IEEE Transactions on Image Processing},
  year      = {2017},
  volume    = {26},
  number    = {11},
  pages     = {5160--5175},
  publisher = {IEEE},
}

@InProceedings{Chang:2012:RVD:2354409.2355115,
  author    = {Jhuo, I.-Hong and Liu, Dong and Lee, D. T. and Chang, Shih-Fu},
  title     = {Robust visual domain adaptation with low-rank reconstruction},
  booktitle = {IEEE Conference on Computer Vision and Pattern Recognition},
  year      = {2012},
  pages     = {2168--2175},
}

@Article{Weiss2016,
  author        = {Weiss, Karl and Khoshgoftaar, Taghi M. and Wang, DingDing},
  title         = {A survey of transfer learning},
  journal       = {Journal of Big Data},
  year          = {2016},
  __markedentry = {[Deepak Kumar:1]},
  publisher     = {Nature Publishing Group},
}

@InProceedings{6247911,
  author    = {Gong, Boqing and Shi, Yuan and Sha, Fei and Grauman, Kristen},
  title     = {Geodesic flow kernel for unsupervised domain adaptation},
  booktitle = {IEEE Conference on Computer Vision and Pattern Recognition},
  year      = {2012},
  pages     = {2066--2073},
}

@InProceedings{6909583,
  author    = {Patricia, Novi and Caputo, Barbara},
  title     = {Learning to learn, from transfer learning to domain adaptation: A unifying perspective},
  booktitle = {Proceedings of the IEEE Conference on Computer Vision and Pattern Recognition},
  year      = {2014},
  pages     = {1442--1449},
}

@Article{5288526,
  author        = {Pan, Sinno Jialin and Yang, Qiang and others},
  title         = {A survey on transfer learning},
  journal       = {IEEE Transactions on Knowledge and Data Engineering},
  year          = {2010},
  __markedentry = {[Deepak Kumar:1]},
  publisher     = {Institute of Electrical and Electronics Engineers, Inc., 345 E. 47 th St. NY NY 10017-2394 USA},
}

@Article{1710377,
  author    = {Aharon, Michal and Elad, Michael and Bruckstein, Alfred},
  title     = {K-SVD: An algorithm for designing overcomplete dictionaries for sparse representation},
  journal   = {IEEE Transactions on Signal Processing},
  year      = {2006},
  volume    = {54},
  number    = {11},
  pages     = {4311},
  publisher = {IEEE},
}

@InProceedings{6909923,
  author    = {Yang, Meng and Dai, Dengxin and Shen, Lilin and Van Gool, Luc},
  title     = {Latent dictionary learning for sparse representation based classification},
  booktitle = {Proceedings of the IEEE Conference on Computer Vision and Pattern Recognition},
  year      = {2014},
  pages     = {4138--4145},
}

@InProceedings{5539989,
  author    = {Zhang, Qiang and Li, Baoxin},
  title     = {Discriminative K-SVD for dictionary learning in face recognition},
  booktitle = {IEEE Computer Society Conference on Computer Vision and Pattern Recognition},
  year      = {2010},
  pages     = {2691--2698},
}

@InProceedings{jiang2011learning,
  author    = {Jiang, Zhuolin and Lin, Zhe and Davis, Larry S.},
  title     = {Learning a discriminative dictionary for sparse coding via label consistent K-SVD},
  booktitle = {IEEE Conference on Computer Vision and Pattern Recognition},
  year      = {2011},
  pages     = {1697--1704},
}

@InProceedings{612628612,
  author    = {Yang, Meng and Zhang, Lei and Feng, Xiangchu and Zhang, David},
  title     = {Fisher discrimination dictionary learning for sparse representation},
  booktitle = {IEEE International Conference on Computer Vision},
  year      = {2011},
  pages     = {543--550},
}

@Article{daume2009frustratingly,
  author        = {Daum{\'e} III, Hal},
  title         = {Frustratingly easy domain adaptation},
  journal       = {arXiv preprint arXiv:0907.1815},
  year          = {2009},
  __markedentry = {[Deepak Kumar:1]},
}

@InProceedings{8258419,
  author    = {Kumar, Deepak and Kumar, Chetan and Shao, Ming},
  title     = {Cross-database mammographic image analysis through unsupervised domain adaptation},
  booktitle = {IEEE International Conference on Big Data},
  year      = {2017},
  pages     = {4035--4042},
}

@Article{chattopadhyay2012multisource,
  author    = {Chattopadhyay, Rita and Sun, Qian and Fan, Wei and Davidson, Ian and Panchanathan, Sethuraman and Ye, Jieping},
  title     = {Multisource domain adaptation and its application to early detection of fatigue},
  journal   = {ACM Transactions on Knowledge Discovery from Data},
  year      = {2012},
  volume    = {6},
  number    = {4},
  pages     = {18},
  publisher = {ACM},
}

@InProceedings{blitzer2006domain1,
  author    = {Blitzer, John and McDonald, Ryan and Pereira, Fernando},
  title     = {Domain adaptation with structural correspondence learning},
  booktitle = {Proceedings of the Conference on Empirical Methods in Natural Language Processing},
  year      = {2006},
  pages     = {120--128},
}

@Article{cook2013transfer,
  author    = {Cook, Diane and Feuz, Kyle D. and Krishnan, Narayanan C.},
  title     = {Transfer learning for activity recognition: A survey},
  journal   = {Knowledge and Information Systems},
  year      = {2013},
  volume    = {36},
  number    = {3},
  pages     = {537--556},
  publisher = {Springer},
}

@Article{xiang2008video,
  author    = {Xiang, Tao and Gong, Shaogang},
  title     = {Video behavior profiling for anomaly detection},
  journal   = {IEEE Transactions on Pattern Analysis and Machine Intelligence},
  year      = {2008},
  volume    = {30},
  number    = {5},
  pages     = {893--908},
  publisher = {IEEE},
}

@Article{VALLIM20136258,
  author    = {Vallim, Rosane M. M. and Andrade Filho, Jos{\'e} A. and De Mello, Rodrigo F. and De Carvalho, Andr{\'e} C. P. L. F.},
  title     = {Online behavior change detection in computer games},
  journal   = {Expert Systems with Applications},
  year      = {2013},
  volume    = {40},
  number    = {16},
  pages     = {6258--6265},
  publisher = {Elsevier},
}

@Article{MUBASHIR2013144,
  author        = {Mubashir, Muhammad and Shao, Ling and Seed, Luke},
  title         = {A survey on fall detection: Principles and approaches},
  journal       = {Neurocomputing},
  year          = {2013},
  volume        = {100},
  pages         = {144--152},
  __markedentry = {[Deepak Kumar:2]},
  publisher     = {Elsevier},
}

@Article{799904,
  author    = {Lee, Hyeon-Kyu and Kim, Jin-Hyung},
  title     = {An HMM-based threshold model approach for gesture recognition},
  journal   = {IEEE Transactions on Pattern Analysis and Machine Intelligence},
  year      = {1999},
  volume    = {21},
  number    = {10},
  pages     = {961--973},
  publisher = {IEEE},
}

@InProceedings{1467360,
  author    = {Dalal, Navneet and Triggs, Bill},
  title     = {Histograms of oriented gradients for human detection},
  booktitle = {IEEE Computer Society Conference on Computer Vision and Pattern Recognition},
  year      = {2005},
  volume    = {1},
  pages     = {886--893},
}

@Article{li2016multi,
  author        = {Li, Yingming and Yang, Ming and Zhang, Zhongfei},
  title         = {Multi-view representation learning: A survey from shallow methods to deep methods},
  journal       = {arXiv preprint arXiv:1610.01206},
  year          = {2016},
  __markedentry = {[Deepak Kumar:5]},
}

@InProceedings{HengWang:2011:ARD:2191740.2192078,
  author    = {Wang, Heng and Kl{\"a}ser, Alexander and Schmid, Cordelia and Liu, Cheng-Lin},
  title     = {Action recognition by dense trajectories},
  booktitle = {IEEE Conference on Computer Vision and Pattern Recognition},
  year      = {2011},
  pages     = {3169--3176},
}

@Article{Laptev2005,
  author    = {Laptev, Ivan},
  title     = {On space-time interest points},
  journal   = {International Journal of Computer Vision},
  year      = {2005},
  volume    = {64},
  number    = {2-3},
  pages     = {107--123},
  publisher = {Springer},
}

@InProceedings{6126543,
  author    = {Kuehne, Hildegard and Jhuang, Hueihan and Garrote, Est{\'\i}baliz and Poggio, Tomaso and Serre, Thomas},
  title     = {HMDB: a large video database for human motion recognition},
  booktitle = {IEEE International Conference on Computer Vision},
  year      = {2011},
  pages     = {2556--2563},
}

@InProceedings{Dollar:2005:BRV:1259587.1259830,
  author    = {Doll{\'a}r, Piotr and Rabaud, Vincent and Cottrell, Garrison and Belongie, Serge},
  title     = {Behavior recognition via sparse spatio-temporal features},
  booktitle = {IEEE International Workshop on Visual Surveillance and Performance Evaluation of Tracking and Surveillance},
  year      = {2005},
  pages     = {65--72},
}

@InProceedings{Willems2008,
  author    = {Willems, Geert and Tuytelaars, Tinne and Van Gool, Luc},
  title     = {An efficient dense and scale-invariant spatio-temporal interest point detector},
  booktitle = {European Conference on Computer Vision},
  year      = {2008},
  pages     = {650--663},
  publisher = {Springer, Berlin,Heidelberg},
}

@InProceedings{6233178,
  author    = {Shabani, Amir H. and Clausi, David A. and Zelek, John S.},
  title     = {Evaluation of local spatio-temporal salient feature detectors for human action recognition},
  booktitle = {9th Conference on Computer and Robot Vision},
  year      = {2012},
  pages     = {468--475},
}

@Article{Lowe:2004:DIF:993451.996342,
  author    = {Lowe, David G.},
  title     = {Distinctive image features from scale-invariant keypoints},
  journal   = {International Journal of Computer Vision},
  year      = {2004},
  volume    = {60},
  number    = {2},
  pages     = {91--110},
  publisher = {Springer},
}

@InProceedings{Scovanner:2007:SDA:1291233.1291311,
  author    = {Scovanner, Paul and Ali, Saad and Shah, Mubarak},
  title     = {A 3-dimensional sift descriptor and its application to action recognition},
  booktitle = {Proceedings of the 15th ACM International Conference on Multimedia},
  year      = {2007},
}

@Article{Ojala:2002:MGR:628329.628808,
  author    = {Ojala, Timo and Pietikainen, Matti and Maenpaa, Topi},
  title     = {Multiresolution gray-scale and rotation invariant texture classification with local binary patterns},
  journal   = {IEEE Transactions on Pattern Analysis and Machine Intelligence},
  year      = {2002},
  volume    = {7},
  pages     = {971--987},
  publisher = {IEEE},
}

@Article{5411802,
  author    = {Tan, Xiaoyang and Triggs, Bill},
  title     = {Enhanced local texture feature sets for face recognition under difficult lighting conditions},
  journal   = {IEEE Transactions on Image Processing},
  year      = {2010},
  volume    = {19},
  number    = {6},
  pages     = {1635--1650},
  publisher = {IEEE},
}

@InCollection{jolliffe2011principal,
  author    = {Jolliffe, Ian},
  title     = {Principal component analysis},
  booktitle = {International Encyclopedia of Statistical Science},
  publisher = {Springer Berlin Heidelberg},
  year      = {2011},
  editor    = {Lovric, Miodrag},
  pages     = {1094--1096},
  isbn      = {978-3-642-04898-2},
}

@InProceedings{perronnin2007fisher,
  author    = {Perronnin, Florent and Dance, Christopher},
  title     = {Fisher kernels on visual vocabularies for image categorization},
  booktitle = {IEEE Conference on Computer Vision and Pattern Recognition},
  year      = {2007},
  pages     = {1--8},
}

@InProceedings{perronnin2010improving,
  author    = {Perronnin, Florent and S{\'a}nchez, Jorge and Mensink, Thomas},
  title     = {Improving the fisher kernel for large-scale image classification},
  booktitle = {European Conference on Computer Vision},
  year      = {2010},
  pages     = {143--156},
  publisher = {Springer, Berlin, Heidelberg},
}

@InProceedings{wang2017,
  author    = {Wang, Jindong and Chen, Yiqiang and Hao, Shuji and Feng, Wenjie and Shen, Zhiqi},
  title     = {Balanced distribution adaptation for transfer learning},
  booktitle = {IEEE International Conference on Data Mining},
  year      = {2017},
  pages     = {1129--1134},
}

@InProceedings{ramirez2010classification,
  author    = {Ramirez, Ignacio and Sprechmann, Pablo and Sapiro, Guillermo},
  title     = {Classification and clustering via dictionary learning with structured incoherence and shared features},
  booktitle = {IEEE Computer Society Conference on Computer Vision and Pattern Recognition},
  year      = {2010},
  pages     = {3501--3508},
}

@InProceedings{vu2015dfdl,
  author    = {Vu, Tiep H. and Mousavi, Hojjat S. and Monga, Vishal and Rao, U. K. Arvind and Rao, Ganesh},
  title     = {DFDL: Discriminative feature-oriented dictionary learning for histopathological image classification},
  booktitle = {IEEE 12th International Symposium on Biomedical Imaging},
  year      = {2015},
  pages     = {990--994},
}

@Article{zhou2014jointly,
  author    = {Zhou, Ning and Fan, Jianping},
  title     = {Jointly learning visually correlated dictionaries for large-scale visual recognition applications},
  journal   = {IEEE Transactions on Pattern Analysis and Machine Intelligence},
  year      = {2014},
  volume    = {36},
  number    = {4},
  pages     = {715--730},
  publisher = {IEEE},
}

@InProceedings{kong2012dictionary,
  author    = {Kong, Shu and Wang, Donghui},
  title     = {A dictionary learning approach for classification: separating the particularity and the commonality},
  booktitle = {European Conference on Computer Vision},
  year      = {2012},
  pages     = {186--199},
  publisher = {Springer, Berlin, Heidelberg},
}

@Article{gao2014learning,
  author    = {Gao, Shenghua and Tsang, Ivor Wai-Hung and Ma, Yi},
  title     = {Learning category-specific dictionary and shared dictionary for fine-grained image categorization},
  journal   = {IEEE Transactions on Image Processing},
  year      = {2014},
  volume    = {23},
  number    = {2},
  pages     = {623--634},
  publisher = {IEEE},
}

@Article{zhang2015survey,
  author    = {Zhang, Zheng and Xu, Yong and Yang, Jian and Li, Xuelong and Zhang, David},
  title     = {A survey of sparse representation: algorithms and applications},
  journal   = {IEEE Access},
  year      = {2015},
  volume    = {3},
  pages     = {490--530},
  publisher = {IEEE},
}

@Article{tosic2011dictionary,
  author    = {Tosic, Ivana and Frossard, Pascal},
  title     = {Dictionary learning},
  journal   = {IEEE Signal Processing Magazine},
  year      = {2011},
  volume    = {28},
  number    = {2},
  pages     = {27--38},
  publisher = {IEEE},
}

@Article{xu2017survey,
  author    = {Xu, Yong and Li, Zhengming and Yang, Jian and Zhang, David},
  title     = {A survey of dictionary learning algorithms for face recognition},
  journal   = {IEEE Access},
  year      = {2017},
  volume    = {5},
  pages     = {8502-8514},
  publisher = {IEEE},
}

@InProceedings{yao2010boosting,
  author    = {Yao, Yi and Doretto, Gianfranco},
  title     = {Boosting for transfer learning with multiple sources},
  booktitle = {IEEE Conference on Computer Vision and Pattern Recognition},
  year      = {2010},
  pages     = {1855--1862},
}

@InProceedings{arnold2007comparative,
  author    = {Arnold, Andrew and Nallapati, Ramesh and Cohen, William W.},
  title     = {A comparative study of methods for transductive transfer learning.},
  booktitle = {ICDM Workshops},
  year      = {2007},
  pages     = {77--82},
}

@Article{mallat1993matching,
  author      = {Mallat, St{\'e}phane and Zhang, Zhifeng},
  title       = {Matching pursuit with time-frequency dictionaries},
  journal     = {IEEE Transactions on Signal Processing},
  year        = {1993},
  volume      = {41},
  number      = {12},
  pages       = {3397--3415},
  institution = {Courant Institute of Mathematical Sciences New York United States},
}

@Article{tropp2007signal,
  author    = {Tropp, Joel A. and Gilbert, Anna C.},
  title     = {Signal recovery from random measurements via orthogonal matching pursuit},
  journal   = {IEEE Transactions on Information Theory},
  year      = {2007},
  volume    = {53},
  number    = {12},
  pages     = {4655--4666},
  publisher = {IEEE},
}

@InProceedings{pati1993orthogonal,
  author    = {Pati, Yagyensh Chandra and Rezaiifar, Ramin and Krishnaprasad, Perinkulam Sambamurthy},
  title     = {Orthogonal matching pursuit: Recursive function approximation with applications to wavelet decomposition},
  booktitle = {Proceedings of the 27th Asilomar Conference on Signals, Systems and Computers},
  year      = {1993},
  pages     = {40--44},
}

@Article{beck2009fast,
  author        = {Beck, Amir and Teboulle, Marc},
  title         = {A fast iterative shrinkage-thresholding algorithm for linear inverse problems},
  journal       = {Siam Journal on Imaging Sciences},
  year          = {2009},
  __markedentry = {[Deepak Kumar:1]},
  publisher     = {SIAM},
}

@Article{huang2011local,
  author    = {Huang, Di and Shan, Caifeng and Ardabilian, Mohsen and Wang, Yunhong and Chen, Liming},
  title     = {Local binary patterns and its application to facial image analysis: A survey},
  journal   = {IEEE Transactions on Systems, Man, and Cybernetics, Part C (Applications and Reviews)},
  year      = {2011},
  volume    = {41},
  number    = {6},
  pages     = {765--781},
  publisher = {IEEE},
}

@Article{tuytelaars2008local12,
  author    = {Tuytelaars, Tinne and Mikolajczyk, Krystian and others},
  title     = {Local invariant feature detectors: A survey},
  journal   = {Foundations and Trends{\textregistered} in Computer Graphics and Vision},
  year      = {2008},
  volume    = {3},
  number    = {3},
  pages     = {177--280},
  publisher = {Now Publishers, Inc.},
}

@InProceedings{sun2010activity,
  author    = {Sun, Ju and Mu, Yadong and Yan, Shuicheng and Cheong, Loong-Fah},
  title     = {Activity recognition using dense long-duration trajectories},
  booktitle = {IEEE International Conference on Multimedia and Expo},
  year      = {2010},
  pages     = {322--327},
}

@InProceedings{lucas1981iterative1,
  author    = {Lucas, Bruce D. and Kanade, Takeo and others},
  title     = {An iterative image registration technique with an application to stereo vision},
  booktitle = {Proceedings of the 7th International Joint Conference on Artificial Intelligence - Volume 2},
  year      = {1981},
  pages     = {674--679},
}

@InProceedings{simonyan2013fisher,
  author    = {Simonyan, Karen and Parkhi, Omkar M. and Vedaldi, Andrea and Zisserman, Andrew},
  title     = {Fisher vector faces in the wild.},
  booktitle = {British Machine Vision Conference},
  year      = {2013},
  volume    = {2},
  pages     = {4},
}

@Article{deng2014deep,
  author    = {Deng, Li and Yu, Dong and others},
  title     = {Deep learning: methods and applications},
  journal   = {Foundations and Trends{\textregistered} in Signal Processing},
  year      = {2014},
  volume    = {7},
  number    = {3-4},
  pages     = {197--387},
  publisher = {Now Publishers, Inc.},
}

@phdthesis{bilinski2014human,
  title={Human action recognition in videos},
  author={Bili{\'n}ski, Piotr Tadeusz},
  year={2014},
  school={Universit{\'e} Nice Sophia Antipolis}
}

@inproceedings{zheng2013learning,
  title={Learning view-invariant sparse representations for cross-view action recognition},
  author={Zheng, Jingjing and Jiang, Zhuolin},
  booktitle={Proceedings of the IEEE International Conference on Computer Vision},
  pages={3176--3183},
  year={2013}
}

@article{zheng2016cross,
  title={Cross-view action recognition via transferable dictionary learning},
  author={Zheng, Jingjing and Jiang, Zhuolin and Chellappa, Rama},
  journal={IEEE Transactions on Image Processing},
  volume={25},
  number={6},
  pages={2542--2556},
  year={2016},
  publisher={IEEE}
}

@article{ji2010advances,
  title={Advances in view-invariant human motion analysis: A review},
  author={Ji, Xiaofei and Liu, Honghai},
  journal={IEEE Transactions on Systems, Man, and Cybernetics, Part C (Applications and Reviews)},
  volume={40},
  number={1},
  pages={13--24},
  year={2010},
  publisher={IEEE}
}

@InProceedings{holte2011human,
  author       = {Holte, Michael B. and Tran, Cuong and Trivedi, Mohan M. and Moeslund, Thomas B.},
  title        = {Human action recognition using multiple views: a comparative perspective on recent developments},
  booktitle    = {Proceedings of the Joint ACM Workshop on Human Gesture and Behavior Understanding},
  year         = {2011},
  pages        = {47--52},
  organization = {ACM},
}


@inproceedings{papadopoulos2014real,
  title={Real-time skeleton-tracking-based human action recognition using kinect data},
  author={Papadopoulos, Georgios Th and Axenopoulos, Apostolos and Daras, Petros},
  booktitle={International Conference on Multimedia Modeling},
  pages={473--483},
  year={2014},
  organization={Springer}
}

@Article{benmokhtar2014robust,
  author    = {Benmokhtar, Rachid},
  title     = {Robust human action recognition scheme based on high-level feature fusion},
  journal   = {Multimedia Tools and Applications},
  year      = {2014},
  volume    = {69},
  number    = {2},
  pages     = {253--275},
  publisher = {Springer},
}

@article{wu2014multi,
  title={Multi-max-margin support vector machine for multi-source human action recognition},
  author={Wu, Di and Shao, Ling},
  journal={Neurocomputing},
  volume={127},
  pages={98--103},
  year={2014},
  publisher={Elsevier}
}

@InProceedings{liang2013learning,
  author       = {Liang, Xiaodan and Lin, Liang and Cao, Liangliang},
  title        = {Learning latent spatio-temporal compositional model for human action recognition},
  booktitle    = {Proceedings of the 21st ACM International Conference on Multimedia},
  year         = {2013},
  pages        = {263--272},
  organization = {ACM},
}
@inproceedings{sharma2013expanded,
  title={Expanded parts model for human attribute and action recognition in still images},
  author={Sharma, Gaurav and Jurie, Fr{\'e}d{\'e}ric and Schmid, Cordelia},
  booktitle={Proceedings of the IEEE Conference on Computer Vision and Pattern Recognition},
  pages={652--659},
  year={2013}
}

@InProceedings{klaser2008spatio,
  author       = {Klaser, Alexander and Marsza{\l}ek, Marcin and Schmid, Cordelia},
  title        = {A spatio-temporal descriptor based on 3d-gradients},
  booktitle    = {19th British Machine Vision Conference},
  year         = {2008},
  pages        = {275--1},
  organization = {British Machine Vision Association},
}

@InProceedings{wang2009evaluation,
  author       = {Wang, Heng and Ullah, Muhammad Muneeb and Klaser, Alexander and Laptev, Ivan and Schmid, Cordelia},
  title        = {Evaluation of local spatio-temporal features for action recognition},
  booktitle    = {British Machine Vision Conference},
  year         = {2009},
  pages        = {124--1},
  organization = {BMVA Press},
}

@Article{wright2009robust,
  author        = {Wright, John and Yang, Allen Y and Ganesh, Arvind and Sastry, S Shankar and Ma, Yi},
  title         = {Robust face recognition via sparse representation},
  journal       = {IEEE Transactions on Pattern Analysis and Machine Intelligence},
  year          = {2009},
  volume        = {31},
  number        = {2},
  pages         = {210--227},
  __markedentry = {[Deepak Kumar:1]},
  publisher     = {IEEE},
}

@article{boyd2011distributed36,
  title={Distributed optimization and statistical learning via the alternating direction method of multipliers},
  author={Boyd, Stephen and Parikh, Neal and Chu, Eric and Peleato, Borja and Eckstein, Jonathan and others},
  journal={Foundations and Trends{\textregistered} in Machine learning},
  volume={3},
  number={1},
  pages={1--122},
  year={2011},
  publisher={Now Publishers, Inc.}
}

@Article{mairal2010online,
  author  = {Mairal, Julien and Bach, Francis and Ponce, Jean and Sapiro, Guillermo},
  title   = {Online learning for matrix factorization and sparse coding},
  journal = {Journal of Machine Learning Research},
  year    = {2010},
  volume  = {11},
  pages   = {19--60},
}

@article{cai2010singular,
  title={A singular value thresholding algorithm for matrix completion},
  author={Cai, Jian-Feng and Cand{\`e}s, Emmanuel J and Shen, Zuowei},
  journal={SIAM Journal on Optimization},
  volume={20},
  number={4},
  pages={1956--1982},
  year={2010},
  publisher={SIAM}
}

@Article{morris2008survey,
  author    = {Morris, Brendan Tran and Trivedi, Mohan Manubhai},
  title     = {A survey of vision-based trajectory learning and analysis for surveillance},
  journal   = {IEEE Transactions on Circuits and Systems for Video Technology},
  year      = {2008},
  volume    = {18},
  number    = {8},
  pages     = {1114--1127},
  publisher = {IEEE},
}

@Article{fischler1981random,
  author  = {Martin A. Fischler and Robert C. Bolles},
  title   = {Random sample consensus: A paradigm for model fitting with applications to image analysis and automated cartography},
  journal = {Commun. ACM},
  year    = {1981},
  volume  = {24},
  pages   = {381--395},
}

@Comment{jabref-meta: databaseType:bibtex;}
